%% This BibTeX bibliography file was created using BibDesk.
%% http://bibdesk.sourceforge.net/

%% Created for Nick St√∂ckl at 2018-01-05 11:22:25 +0100 


%% Saved with string encoding Unicode (UTF-8) 



@book{dat,
	Author = {Provost, F. and Fawcett, T.},
	Date-Added = {2018-01-04 21:35:21 +0000},
	Date-Modified = {2018-01-04 21:40:59 +0000},
	Publisher = {O'Reilly Media, Inc.},
	Title = {Data Science for Business: What you need to know about data mining and data-analytic thinking.},
	Year = {2013}}

@book{pyt,
	Author = {Summerfield, Mark},
	Date-Added = {2018-01-04 21:30:09 +0000},
	Date-Modified = {2018-01-04 21:32:27 +0000},
	Publisher = {Pearson Education},
	Title = {Rapid GUI Programming with Python and Qt: the definitive guide to PyQt programming.},
	Year = {2007}}

@misc{net,
	Author = {Networkx},
	Date-Added = {2018-01-04 21:12:02 +0000},
	Date-Modified = {2018-01-04 21:12:34 +0000},
	Howpublished = {https://networkx.github.io},
	Keywords = {Networkx},
	Month = {January},
	Title = {Networkx},
	Url = {https://networkx.github.io},
	Year = {2018},
	Bdsk-Url-1 = {https://networkx.github.io}}

@misc{req,
	Author = {Python Request},
	Date-Added = {2018-01-04 20:48:16 +0000},
	Date-Modified = {2018-01-04 21:00:08 +0000},
	Howpublished = {http://docs.python-requests.org/en/master/},
	Keywords = {Request Module},
	Month = {January},
	Title = {Request},
	Url = {http://docs.python-requests.org/en/master/},
	Year = {2018},
	Bdsk-Url-1 = {http://docs.python-requests.org/en/master/}}

@misc{cru,
	Author = {Crummy},
	Date-Added = {2018-01-04 20:32:04 +0000},
	Date-Modified = {2018-01-04 21:00:41 +0000},
	Howpublished = {https://www.crummy.com/software/BeautifulSoup/},
	Keywords = {Crummy},
	Lastchecked = {04.01.2018},
	Month = {January},
	Title = {Crummy},
	Url = {https://www.crummy.com/software/BeautifulSoup/},
	Year = {2018},
	Bdsk-Url-1 = {https://www.crummy.com/software/BeautifulSoup/}}
